
@misc{jkkx,
      author = {Stanislaw Jarecki and Aggelos Kiayias and Hugo Krawczyk and Jiayu Xu},
      title = {Highly-Efficient and Composable Password-Protected Secret Sharing (Or: How to Protect Your Bitcoin Wallet Online)},
      howpublished = {Cryptology ePrint Archive, Paper 2016/144},
      year = {2016},
      note = {\url{https://eprint.iacr.org/2016/144}},
      url = {https://eprint.iacr.org/2016/144}
}

@misc{poprf,
      author = {Nirvan Tyagi and Sofı́a Celi and Thomas Ristenpart and Nick Sullivan and Stefano Tessaro and Christopher A.  Wood},
      title = {A Fast and Simple Partially Oblivious PRF, with Applications},
      howpublished = {Cryptology ePrint Archive, Paper 2021/864},
      year = {2021},
      note = {\url{https://eprint.iacr.org/2021/864}},
      url = {https://eprint.iacr.org/2021/864}
}

@book{bonehshoup,
    author = {Dan Boneh and Victor Shoup},
    title = {A Graduate Course in Applied Cryptography},
      note = {\url{https://toc.cryptobook.us/book.pdf}},
    url = {https://toc.cryptobook.us/book.pdf}
}
@misc{2hashdh,
      author = {Stanislaw Jarecki and Aggelos Kiayias and Hugo Krawczyk},
      title = {Round-Optimal Password-Protected Secret Sharing and T-PAKE in the Password-Only Model},
      howpublished = {Cryptology ePrint Archive, Paper 2014/650},
      year = {2014},
      note = {\url{https://eprint.iacr.org/2014/650}},
      url = {https://eprint.iacr.org/2014/650}
}

@misc {ietf-oprf,
    author = {A. Davidson, A. Faz-Hernandez, N. Sullivan, C. A. Wood},
    title = {Oblivious Pseudorandom Functions (OPRFs) using Prime-Order Groups},
    url = {https://www.ietf.org/id/draft-irtf-cfrg-voprf-21.html#name-informative-references-7},
    note = {\url{https://www.ietf.org/id/draft-irtf-cfrg-voprf-21.html}}
}